@misc{Near-Real, 
 author = {International Business Machines Corporation (IBM)},
 title = {Rethinking quantum systems for faster, more efficient computation},
 howpublished = {\url{https://research.ibm.com/blog/near-real-time-quantum-compute}}
}

@InProceedings{LLVM,
    Author  = {Chris Lattner and Vikram Adve},
    Title = {{LLVM}: A Compilation Framework for Lifelong Program Analysis and Transformation},
    Booktitle = CGO,
    Address = {San Jose, CA, USA},
    Month = {Mar},
    Year  = {2004},
    pages  = {75--88},
}
@misc{ANTLR,
  author = {Terence Parr and Sam Harwell},
  title = {Another Tool for Language Recognition},
  howpublished = {\url{https://www.antlr.org/about.html}}
}

@book{Compilers,
author = {Aho, Alfred V. and Lam, Monica S. and Sethi, Ravi and Ullman, Jeffrey D.},
title = {Compilers: Principles, Techniques, and Tools (2nd Edition)},
year = {2006},
isbn = {0321486811},
publisher = {Addison-Wesley Longman Publishing Co., Inc.},
address = {USA}
}

@article{Lattner2020MLIRAC,
  title={MLIR: A Compiler Infrastructure for the End of Moore's Law},
  author={Chris Lattner and Jacques A. Pienaar and Mehdi Amini and Uday Bondhugula and River Riddle and Albert Cohen and Tatiana Shpeisman and Andy Davis and Nicolas Vasilache and Oleksandr Zinenko},
  journal={ArXiv},
  year={2020},
  volume={abs/2002.11054}
}

@misc{qcor-openqasm,
  doi = {10.48550/ARXIV.2101.11365},
  
  url = {https://arxiv.org/abs/2101.11365},
  
  author = {McCaskey, Alexander and Nguyen, Thien},
  
  keywords = {Quantum Physics (quant-ph), Programming Languages (cs.PL), FOS: Physical sciences, FOS: Physical sciences, FOS: Computer and information sciences, FOS: Computer and information sciences},
  
  title = {A MLIR Dialect for Quantum Assembly Languages},
  
  publisher = {arXiv},
  
  year = {2021},
  
  copyright = {arXiv.org perpetual, non-exclusive license}
}

@misc{qcor-python,
  doi = {10.48550/ARXIV.2105.04671},
  
  url = {https://arxiv.org/abs/2105.04671},
  
  author = {Nguyen, Thien and McCaskey, Alexander J.},
  
  keywords = {Quantum Physics (quant-ph), FOS: Physical sciences, FOS: Physical sciences},
  
  title = {Extending Python for Quantum-Classical Computing via Quantum Just-in-Time Compilation},
  
  publisher = {arXiv},
  
  year = {2021},
  
  copyright = {arXiv.org perpetual, non-exclusive license}
}

@article{qcor-cpp,
  author    = {Tiffany M. Mintz and
               Alexander J. McCaskey and
               Eugene F. Dumitrescu and
               Shirley V. Moore and
               Sarah Powers and
               Pavel Lougovski},
  title     = {{QCOR:} {A} Language Extension Specification for the Heterogeneous
               Quantum-Classical Model of Computation},
  journal   = {CoRR},
  volume    = {abs/1909.02457},
  year      = {2019},
  url       = {http://arxiv.org/abs/1909.02457},
  eprinttype = {arXiv},
  eprint    = {1909.02457},
  timestamp = {Mon, 16 Sep 2019 17:27:14 +0200},
  biburl    = {https://dblp.org/rec/journals/corr/abs-1909-02457.bib},
  bibsource = {dblp computer science bibliography, https://dblp.org}
}

@unpublished {qcor-openqasm-3.0,
  Author = {Alexander J. McCaskey and
            Thien Nguyen and 
            Eugene Dumitrescu and 
            Dmitry Liakh and
            Anthony Santana},
  Institution = {Oak Ridge National Laboratory},
  Year = {2021},
  Title = {Quantum-Classical Compilation with the MLIR},
  url = {https://mlir.llvm.org/OpenMeetings/2021-05-27-Quantum-Classical-Compilation-with-MLIR.pdf},
}




\comment{https://citeseerx.ist.psu.edu/document?repid=rep1&type=pdf&doi=9b6ddeb90dac8a828225bd58c9cf2f8ddc232812 }
\comment{"Decoherence, the Measurement Problem, and Interpretations of Quantum Mechanics" by Max Tegmark, Reviews of Modern Physics, vol. 74, no. 3, pp. 825-824, Jul. 2002.}


\comment{https://research.ibm.com/blog/near-real-time-quantum-compute}
